
@article{bates2015,
	title = {Fitting linear mixed-effects models using {{lme4}}},
	author = {Bates, Douglas and {MÃ¤chler}, Martin and Bolker, Ben and Walker, Steve},
	year = {2015},
	date = {2015},
	journal = {Journal of Statistical Software},
	pages = {1{\textendash}48},
	volume = {67},
	number = {1},
	doi = {10.18637/jss.v067.i01}
}
